@article{Merkle,
 author = {Merkle, Ralph C.},
 title = {Secure Communications over Insecure Channels},
 journal = {Commun. ACM},
 issue_date = {April 1978},
 volume = {21},
 number = {4},
 month = apr,
 year = {1978},
 issn = {0001-0782},
 pages = {294--299},
 numpages = {6},
 url = {http://doi.acm.org/10.1145/359460.359473},
 doi = {10.1145/359460.359473},
 acmid = {359473},
 publisher = {ACM},
 address = {New York, NY, USA},
 keywords = {communications security, computer network security, cryptography, cryptology, key distribution, passive eavesdropping, public key cryptosystem, security, wiretap},
}

@ARTICLE{Diffie,
author={W. {Diffie} and M. {Hellman}},
journal={IEEE Transactions on Information Theory},
title={New directions in cryptography},
year={1976},
volume={22},
number={6},
pages={644-654},
keywords={Cryptography},
doi={10.1109/TIT.1976.1055638},
ISSN={},
month={November},}

@book{katz1996handbook,
  title={Handbook of applied cryptography},
  author={Katz, Jonathan and Menezes, Alfred J and Van Oorschot, Paul C and Vanstone, Scott A},
  year={1996},
  publisher={CRC press}
}

@book{katz2014introduction,
  title={Introduction to modern cryptography},
  author={Katz, Jonathan and Lindell, Yehuda},
  year={2014},
  publisher={Chapman and Hall/CRC}
}

@inproceedings{matsumoto1987key,
  title={On the key predistribution system: A practical solution to the key distribution problem},
  author={Matsumoto, Tsutomu and Imai, Hideki},
  booktitle={Conference on the Theory and Application of Cryptographic Techniques},
  pages={185--193},
  year={1987},
  organization={Springer}
}

@book{singh1999code,
  title={The code book},
  author={Singh, Simon},
  volume={7},
  year={1999},
  publisher={Doubleday New York}
}
